@misc{ong2025routellmlearningroutellms,
      title={RouteLLM: Learning to Route LLMs with Preference Data}, 
      author={Isaac Ong and Amjad Almahairi and Vincent Wu and Wei-Lin Chiang and Tianhao Wu and Joseph E. Gonzalez and M Waleed Kadous and Ion Stoica},
      year={2025},
      eprint={2406.18665},
      archivePrefix={arXiv},
      primaryClass={cs.LG},
      url={https://arxiv.org/abs/2406.18665}, 
}


@misc{wang2024comprehensivesurveysmalllanguage,
      title={A Comprehensive Survey of Small Language Models in the Era of Large Language Models: Techniques, Enhancements, Applications, Collaboration with LLMs, and Trustworthiness}, 
      author={Fali Wang and Zhiwei Zhang and Xianren Zhang and Zongyu Wu and Tzuhao Mo and Qiuhao Lu and Wanjing Wang and Rui Li and Junjie Xu and Xianfeng Tang and Qi He and Yao Ma and Ming Huang and Suhang Wang},
      year={2024},
      eprint={2411.03350},
      archivePrefix={arXiv},
      primaryClass={cs.CL},
      url={https://arxiv.org/abs/2411.03350}, 
}

@misc{jiang2023llmblenderensemblinglargelanguage,
      title={LLM-Blender: Ensembling Large Language Models with Pairwise Ranking and Generative Fusion}, 
      author={Dongfu Jiang and Xiang Ren and Bill Yuchen Lin},
      year={2023},
      eprint={2306.02561},
      archivePrefix={arXiv},
      primaryClass={cs.CL},
      url={https://arxiv.org/abs/2306.02561}, 
}

@misc{li2025rethinkingmixtureofagentsmixingdifferent,
      title={Rethinking Mixture-of-Agents: Is Mixing Different Large Language Models Beneficial?}, 
      author={Wenzhe Li and Yong Lin and Mengzhou Xia and Chi Jin},
      year={2025},
      eprint={2502.00674},
      archivePrefix={arXiv},
      primaryClass={cs.CL},
      url={https://arxiv.org/abs/2502.00674}, 
}

@misc{mitra2024distributedmixtureofagentsedgeinference,
      title={Distributed Mixture-of-Agents for Edge Inference with Large Language Models}, 
      author={Purbesh Mitra and Priyanka Kaswan and Sennur Ulukus},
      year={2024},
      eprint={2412.21200},
      archivePrefix={arXiv},
      primaryClass={cs.IT},
      url={https://arxiv.org/abs/2412.21200}, 
}

@misc{park2024ensemblinglargelanguagemodels,
      title={Ensembling Large Language Models with Process Reward-Guided Tree Search for Better Complex Reasoning}, 
      author={Sungjin Park and Xiao Liu and Yeyun Gong and Edward Choi},
      year={2024},
      eprint={2412.15797},
      archivePrefix={arXiv},
      primaryClass={cs.CL},
      url={https://arxiv.org/abs/2412.15797}, 
}

@misc{chen2025harnessingmultiplelargelanguage,
      title={Harnessing Multiple Large Language Models: A Survey on LLM Ensemble}, 
      author={Zhijun Chen and Jingzheng Li and Pengpeng Chen and Zhuoran Li and Kai Sun and Yuankai Luo and Qianren Mao and Dingqi Yang and Hailong Sun and Philip S. Yu},
      year={2025},
      eprint={2502.18036},
      archivePrefix={arXiv},
      primaryClass={cs.CL},
      url={https://arxiv.org/abs/2502.18036}, 
}

@misc{du2023improvingfactualityreasoninglanguage,
      title={Improving Factuality and Reasoning in Language Models through Multiagent Debate}, 
      author={Yilun Du and Shuang Li and Antonio Torralba and Joshua B. Tenenbaum and Igor Mordatch},
      year={2023},
      eprint={2305.14325},
      archivePrefix={arXiv},
      primaryClass={cs.CL},
      url={https://arxiv.org/abs/2305.14325}, 
}

@misc{liang2024encouragingdivergentthinkinglarge,
      title={Encouraging Divergent Thinking in Large Language Models through Multi-Agent Debate}, 
      author={Tian Liang and Zhiwei He and Wenxiang Jiao and Xing Wang and Yan Wang and Rui Wang and Yujiu Yang and Shuming Shi and Zhaopeng Tu},
      year={2024},
      eprint={2305.19118},
      archivePrefix={arXiv},
      primaryClass={cs.CL},
      url={https://arxiv.org/abs/2305.19118}, 
}

@misc{khan2024debatingpersuasivellmsleads,
      title={Debating with More Persuasive LLMs Leads to More Truthful Answers}, 
      author={Akbir Khan and John Hughes and Dan Valentine and Laura Ruis and Kshitij Sachan and Ansh Radhakrishnan and Edward Grefenstette and Samuel R. Bowman and Tim Rocktäschel and Ethan Perez},
      year={2024},
      eprint={2402.06782},
      archivePrefix={arXiv},
      primaryClass={cs.AI},
      url={https://arxiv.org/abs/2402.06782}, 
}

@misc{gou2024criticlargelanguagemodels,
      title={CRITIC: Large Language Models Can Self-Correct with Tool-Interactive Critiquing}, 
      author={Zhibin Gou and Zhihong Shao and Yeyun Gong and Yelong Shen and Yujiu Yang and Nan Duan and Weizhu Chen},
      year={2024},
      eprint={2305.11738},
      archivePrefix={arXiv},
      primaryClass={cs.CL},
      url={https://arxiv.org/abs/2305.11738}, 
}

@misc{mousavi2023ncriticsselfrefinementlargelanguage,
      title={N-Critics: Self-Refinement of Large Language Models with Ensemble of Critics}, 
      author={Sajad Mousavi and Ricardo Luna Gutiérrez and Desik Rengarajan and Vineet Gundecha and Ashwin Ramesh Babu and Avisek Naug and Antonio Guillen and Soumyendu Sarkar},
      year={2023},
      eprint={2310.18679},
      archivePrefix={arXiv},
      primaryClass={cs.CL},
      url={https://arxiv.org/abs/2310.18679}, 
}

@misc{shinn2023reflexionlanguageagentsverbal,
      title={Reflexion: Language Agents with Verbal Reinforcement Learning}, 
      author={Noah Shinn and Federico Cassano and Edward Berman and Ashwin Gopinath and Karthik Narasimhan and Shunyu Yao},
      year={2023},
      eprint={2303.11366},
      archivePrefix={arXiv},
      primaryClass={cs.AI},
      url={https://arxiv.org/abs/2303.11366}, 
}

@misc{gu2025surveyllmasajudge,
      title={A Survey on LLM-as-a-Judge}, 
      author={Jiawei Gu and Xuhui Jiang and Zhichao Shi and Hexiang Tan and Xuehao Zhai and Chengjin Xu and Wei Li and Yinghan Shen and Shengjie Ma and Honghao Liu and Saizhuo Wang and Kun Zhang and Yuanzhuo Wang and Wen Gao and Lionel Ni and Jian Guo},
      year={2025},
      eprint={2411.15594},
      archivePrefix={arXiv},
      primaryClass={cs.CL},
      url={https://arxiv.org/abs/2411.15594}, 
}

@misc{lifshitz2025multiagentverificationscalingtesttime,
      title={Multi-Agent Verification: Scaling Test-Time Compute with Multiple Verifiers}, 
      author={Shalev Lifshitz and Sheila A. McIlraith and Yilun Du},
      year={2025},
      eprint={2502.20379},
      archivePrefix={arXiv},
      primaryClass={cs.AI},
      url={https://arxiv.org/abs/2502.20379}, 
}

@misc{wang2024mixtureofagentsenhanceslargelanguage,
      title={Mixture-of-Agents Enhances Large Language Model Capabilities}, 
      author={Junlin Wang and Jue Wang and Ben Athiwaratkun and Ce Zhang and James Zou},
      year={2024},
      eprint={2406.04692},
      archivePrefix={arXiv},
      primaryClass={cs.CL},
      url={https://arxiv.org/abs/2406.04692}, 
}

@misc{wang2023selfconsistencyimproveschainthought,
      title={Self-Consistency Improves Chain of Thought Reasoning in Language Models}, 
      author={Xuezhi Wang and Jason Wei and Dale Schuurmans and Quoc Le and Ed Chi and Sharan Narang and Aakanksha Chowdhery and Denny Zhou},
      year={2023},
      eprint={2203.11171},
      archivePrefix={arXiv},
      primaryClass={cs.CL},
      url={https://arxiv.org/abs/2203.11171}, 
}

@misc{li2024agentsneed,
      title={More Agents Is All You Need}, 
      author={Junyou Li and Qin Zhang and Yangbin Yu and Qiang Fu and Deheng Ye},
      year={2024},
      eprint={2402.05120},
      archivePrefix={arXiv},
      primaryClass={cs.CL},
      url={https://arxiv.org/abs/2402.05120}, 
}

@misc{snell2024scalingllmtesttimecompute,
      title={Scaling LLM Test-Time Compute Optimally can be More Effective than Scaling Model Parameters}, 
      author={Charlie Snell and Jaehoon Lee and Kelvin Xu and Aviral Kumar},
      year={2024},
      eprint={2408.03314},
      archivePrefix={arXiv},
      primaryClass={cs.LG},
      url={https://arxiv.org/abs/2408.03314}, 
}

@misc{muennighoff2025s1simpletesttimescaling,
      title={s1: Simple test-time scaling}, 
      author={Niklas Muennighoff and Zitong Yang and Weijia Shi and Xiang Lisa Li and Li Fei-Fei and Hannaneh Hajishirzi and Luke Zettlemoyer and Percy Liang and Emmanuel Candès and Tatsunori Hashimoto},
      year={2025},
      eprint={2501.19393},
      archivePrefix={arXiv},
      primaryClass={cs.CL},
      url={https://arxiv.org/abs/2501.19393}, 
}

@misc{zhang2025surveytesttimescalinglarge,
      title={A Survey on Test-Time Scaling in Large Language Models: What, How, Where, and How Well?}, 
      author={Qiyuan Zhang and Fuyuan Lyu and Zexu Sun and Lei Wang and Weixu Zhang and Wenyue Hua and Haolun Wu and Zhihan Guo and Yufei Wang and Niklas Muennighoff and Irwin King and Xue Liu and Chen Ma},
      year={2025},
      eprint={2503.24235},
      archivePrefix={arXiv},
      primaryClass={cs.CL},
      url={https://arxiv.org/abs/2503.24235}, 
}

@misc{chen2023universalselfconsistencylargelanguage,
      title={Universal Self-Consistency for Large Language Model Generation}, 
      author={Xinyun Chen and Renat Aksitov and Uri Alon and Jie Ren and Kefan Xiao and Pengcheng Yin and Sushant Prakash and Charles Sutton and Xuezhi Wang and Denny Zhou},
      year={2023},
      eprint={2311.17311},
      archivePrefix={arXiv},
      primaryClass={cs.CL},
      url={https://arxiv.org/abs/2311.17311}, 
}

@misc{ichihara2025evaluationbestofnsamplingstrategies,
      title={Evaluation of Best-of-N Sampling Strategies for Language Model Alignment}, 
      author={Yuki Ichihara and Yuu Jinnai and Tetsuro Morimura and Kaito Ariu and Kenshi Abe and Mitsuki Sakamoto and Eiji Uchibe},
      year={2025},
      eprint={2502.12668},
      archivePrefix={arXiv},
      primaryClass={cs.CL},
      url={https://arxiv.org/abs/2502.12668}, 
}

@inbook{Trad_2025,
   title={To Ensemble or Not: Assessing Majority Voting Strategies for Phishing Detection with Large Language Models},
   ISBN={9783031821509},
   ISSN={1865-0937},
   url={http://dx.doi.org/10.1007/978-3-031-82150-9_13},
   DOI={10.1007/978-3-031-82150-9_13},
   booktitle={Intelligent Systems and Pattern Recognition},
   publisher={Springer Nature Switzerland},
   author={Trad, Fouad and Chehab, Ali},
   year={2025},
   pages={158–173} }

@misc{thirukovalluru2024atomicselfconsistencybetterlong,
      title={Atomic Self-Consistency for Better Long Form Generations}, 
      author={Raghuveer Thirukovalluru and Yukun Huang and Bhuwan Dhingra},
      year={2024},
      eprint={2405.13131},
      archivePrefix={arXiv},
      primaryClass={cs.CL},
      url={https://arxiv.org/abs/2405.13131}, 
}

@misc{chow2024inferenceawarefinetuningbestofnsampling,
      title={Inference-Aware Fine-Tuning for Best-of-N Sampling in Large Language Models}, 
      author={Yinlam Chow and Guy Tennenholtz and Izzeddin Gur and Vincent Zhuang and Bo Dai and Sridhar Thiagarajan and Craig Boutilier and Rishabh Agarwal and Aviral Kumar and Aleksandra Faust},
      year={2024},
      eprint={2412.15287},
      archivePrefix={arXiv},
      primaryClass={cs.CL},
      url={https://arxiv.org/abs/2412.15287}, 
}

@misc{wei2023chainofthoughtpromptingelicitsreasoning,
      title={Chain-of-Thought Prompting Elicits Reasoning in Large Language Models}, 
      author={Jason Wei and Xuezhi Wang and Dale Schuurmans and Maarten Bosma and Brian Ichter and Fei Xia and Ed Chi and Quoc Le and Denny Zhou},
      year={2023},
      eprint={2201.11903},
      archivePrefix={arXiv},
      primaryClass={cs.CL},
      url={https://arxiv.org/abs/2201.11903}, 
}

@misc{yao2023treethoughtsdeliberateproblem,
      title={Tree of Thoughts: Deliberate Problem Solving with Large Language Models}, 
      author={Shunyu Yao and Dian Yu and Jeffrey Zhao and Izhak Shafran and Thomas L. Griffiths and Yuan Cao and Karthik Narasimhan},
      year={2023},
      eprint={2305.10601},
      archivePrefix={arXiv},
      primaryClass={cs.CL},
      url={https://arxiv.org/abs/2305.10601}, 
}

@article{Besta_2024,
   title={Graph of Thoughts: Solving Elaborate Problems with Large Language Models},
   volume={38},
   ISSN={2159-5399},
   url={http://dx.doi.org/10.1609/aaai.v38i16.29720},
   DOI={10.1609/aaai.v38i16.29720},
   number={16},
   journal={Proceedings of the AAAI Conference on Artificial Intelligence},
   publisher={Association for the Advancement of Artificial Intelligence (AAAI)},
   author={Besta, Maciej and Blach, Nils and Kubicek, Ales and Gerstenberger, Robert and Podstawski, Michal and Gianinazzi, Lukas and Gajda, Joanna and Lehmann, Tomasz and Niewiadomski, Hubert and Nyczyk, Piotr and Hoefler, Torsten},
   year={2024},
   month=mar, pages={17682–17690} }

@misc{zelikman2024quietstarlanguagemodelsteach,
      title={Quiet-STaR: Language Models Can Teach Themselves to Think Before Speaking}, 
      author={Eric Zelikman and Georges Harik and Yijia Shao and Varuna Jayasiri and Nick Haber and Noah D. Goodman},
      year={2024},
      eprint={2403.09629},
      archivePrefix={arXiv},
      primaryClass={cs.CL},
      url={https://arxiv.org/abs/2403.09629}, 
}

@misc{dohan2022languagemodelcascades,
      title={Language Model Cascades}, 
      author={David Dohan and Winnie Xu and Aitor Lewkowycz and Jacob Austin and David Bieber and Raphael Gontijo Lopes and Yuhuai Wu and Henryk Michalewski and Rif A. Saurous and Jascha Sohl-dickstein and Kevin Murphy and Charles Sutton},
      year={2022},
      eprint={2207.10342},
      archivePrefix={arXiv},
      primaryClass={cs.CL},
      url={https://arxiv.org/abs/2207.10342}, 
}

@misc{chen2023frugalgptuselargelanguage,
      title={FrugalGPT: How to Use Large Language Models While Reducing Cost and Improving Performance}, 
      author={Lingjiao Chen and Matei Zaharia and James Zou},
      year={2023},
      eprint={2305.05176},
      archivePrefix={arXiv},
      primaryClass={cs.LG},
      url={https://arxiv.org/abs/2305.05176}, 
}

@misc{cobbe2021trainingverifierssolvemath,
      title={Training Verifiers to Solve Math Word Problems}, 
      author={Karl Cobbe and Vineet Kosaraju and Mohammad Bavarian and Mark Chen and Heewoo Jun and Lukasz Kaiser and Matthias Plappert and Jerry Tworek and Jacob Hilton and Reiichiro Nakano and Christopher Hesse and John Schulman},
      year={2021},
      eprint={2110.14168},
      archivePrefix={arXiv},
      primaryClass={cs.LG},
      url={https://arxiv.org/abs/2110.14168}, 
}

@misc{talmor2019commonsenseqaquestionansweringchallenge,
      title={CommonsenseQA: A Question Answering Challenge Targeting Commonsense Knowledge}, 
      author={Alon Talmor and Jonathan Herzig and Nicholas Lourie and Jonathan Berant},
      year={2019},
      eprint={1811.00937},
      archivePrefix={arXiv},
      primaryClass={cs.CL},
      url={https://arxiv.org/abs/1811.00937}, 
}



@misc{chen2024llmcallsneedscaling,
      title={Are More LLM Calls All You Need? Towards Scaling Laws of Compound Inference Systems}, 
      author={Lingjiao Chen and Jared Quincy Davis and Boris Hanin and Peter Bailis and Ion Stoica and Matei Zaharia and James Zou},
      year={2024},
      eprint={2403.02419},
      archivePrefix={arXiv},
      primaryClass={cs.LG},
      url={https://arxiv.org/abs/2403.02419}, 
}

@misc{wu2025inferencescalinglawsempirical,
      title={Inference Scaling Laws: An Empirical Analysis of Compute-Optimal Inference for Problem-Solving with Language Models}, 
      author={Yangzhen Wu and Zhiqing Sun and Shanda Li and Sean Welleck and Yiming Yang},
      year={2025},
      eprint={2408.00724},
      archivePrefix={arXiv},
      primaryClass={cs.AI},
      url={https://arxiv.org/abs/2408.00724}, 
}

@misc{chu2025ssrspeculativeparallelscaling,
      title={SSR: Speculative Parallel Scaling Reasoning in Test-time}, 
      author={Yuanlin Chu and Bo Wang and Xiang Liu and Hong Chen and Aiwei Liu and Xuming Hu},
      year={2025},
      eprint={2505.15340},
      archivePrefix={arXiv},
      primaryClass={cs.LG},
      url={https://arxiv.org/abs/2505.15340}, 
}

@misc{wu2023autogenenablingnextgenllm,
      title={AutoGen: Enabling Next-Gen LLM Applications via Multi-Agent Conversation}, 
      author={Qingyun Wu and Gagan Bansal and Jieyu Zhang and Yiran Wu and Beibin Li and Erkang Zhu and Li Jiang and Xiaoyun Zhang and Shaokun Zhang and Jiale Liu and Ahmed Hassan Awadallah and Ryen W White and Doug Burger and Chi Wang},
      year={2023},
      eprint={2308.08155},
      archivePrefix={arXiv},
      primaryClass={cs.AI},
      url={https://arxiv.org/abs/2308.08155}, 
}

@misc{chen2023agentversefacilitatingmultiagentcollaboration,
      title={AgentVerse: Facilitating Multi-Agent Collaboration and Exploring Emergent Behaviors}, 
      author={Weize Chen and Yusheng Su and Jingwei Zuo and Cheng Yang and Chenfei Yuan and Chi-Min Chan and Heyang Yu and Yaxi Lu and Yi-Hsin Hung and Chen Qian and Yujia Qin and Xin Cong and Ruobing Xie and Zhiyuan Liu and Maosong Sun and Jie Zhou},
      year={2023},
      eprint={2308.10848},
      archivePrefix={arXiv},
      primaryClass={cs.CL},
      url={https://arxiv.org/abs/2308.10848}, 
}

@misc{hong2024metagptmetaprogrammingmultiagent,
      title={MetaGPT: Meta Programming for A Multi-Agent Collaborative Framework}, 
      author={Sirui Hong and Mingchen Zhuge and Jiaqi Chen and Xiawu Zheng and Yuheng Cheng and Ceyao Zhang and Jinlin Wang and Zili Wang and Steven Ka Shing Yau and Zijuan Lin and Liyang Zhou and Chenyu Ran and Lingfeng Xiao and Chenglin Wu and Jürgen Schmidhuber},
      year={2024},
      eprint={2308.00352},
      archivePrefix={arXiv},
      primaryClass={cs.AI},
      url={https://arxiv.org/abs/2308.00352}, 
}

@misc{shen2023hugginggptsolvingaitasks,
      title={HuggingGPT: Solving AI Tasks with ChatGPT and its Friends in Hugging Face}, 
      author={Yongliang Shen and Kaitao Song and Xu Tan and Dongsheng Li and Weiming Lu and Yueting Zhuang},
      year={2023},
      eprint={2303.17580},
      archivePrefix={arXiv},
      primaryClass={cs.CL},
      url={https://arxiv.org/abs/2303.17580}, 
}

@misc{xie2023openagentsopenplatformlanguage,
      title={OpenAgents: An Open Platform for Language Agents in the Wild}, 
      author={Tianbao Xie and Fan Zhou and Zhoujun Cheng and Peng Shi and Luoxuan Weng and Yitao Liu and Toh Jing Hua and Junning Zhao and Qian Liu and Che Liu and Leo Z. Liu and Yiheng Xu and Hongjin Su and Dongchan Shin and Caiming Xiong and Tao Yu},
      year={2023},
      eprint={2310.10634},
      archivePrefix={arXiv},
      primaryClass={cs.CL},
      url={https://arxiv.org/abs/2310.10634}, 
}

@misc{schick2023toolformerlanguagemodelsteach,
      title={Toolformer: Language Models Can Teach Themselves to Use Tools}, 
      author={Timo Schick and Jane Dwivedi-Yu and Roberto Dessì and Roberta Raileanu and Maria Lomeli and Luke Zettlemoyer and Nicola Cancedda and Thomas Scialom},
      year={2023},
      eprint={2302.04761},
      archivePrefix={arXiv},
      primaryClass={cs.CL},
      url={https://arxiv.org/abs/2302.04761}, 
}

@misc{khattab2023dspycompilingdeclarativelanguage,
      title={DSPy: Compiling Declarative Language Model Calls into Self-Improving Pipelines}, 
      author={Omar Khattab and Arnav Singhvi and Paridhi Maheshwari and Zhiyuan Zhang and Keshav Santhanam and Sri Vardhamanan and Saiful Haq and Ashutosh Sharma and Thomas T. Joshi and Hanna Moazam and Heather Miller and Matei Zaharia and Christopher Potts},
      year={2023},
      eprint={2310.03714},
      archivePrefix={arXiv},
      primaryClass={cs.CL},
      url={https://arxiv.org/abs/2310.03714}, 
}

@misc{fernando2023promptbreederselfreferentialselfimprovementprompt,
      title={Promptbreeder: Self-Referential Self-Improvement Via Prompt Evolution}, 
      author={Chrisantha Fernando and Dylan Banarse and Henryk Michalewski and Simon Osindero and Tim Rocktäschel},
      year={2023},
      eprint={2309.16797},
      archivePrefix={arXiv},
      primaryClass={cs.CL},
      url={https://arxiv.org/abs/2309.16797}, 
}

@misc{zhang2025aflowautomatingagenticworkflow,
      title={AFlow: Automating Agentic Workflow Generation}, 
      author={Jiayi Zhang and Jinyu Xiang and Zhaoyang Yu and Fengwei Teng and Xionghui Chen and Jiaqi Chen and Mingchen Zhuge and Xin Cheng and Sirui Hong and Jinlin Wang and Bingnan Zheng and Bang Liu and Yuyu Luo and Chenglin Wu},
      year={2025},
      eprint={2410.10762},
      archivePrefix={arXiv},
      primaryClass={cs.AI},
      url={https://arxiv.org/abs/2410.10762}, 
}

@misc{saadfalcon2025archonarchitecturesearchframework,
      title={Archon: An Architecture Search Framework for Inference-Time Techniques}, 
      author={Jon Saad-Falcon and Adrian Gamarra Lafuente and Shlok Natarajan and Nahum Maru and Hristo Todorov and Etash Guha and E. Kelly Buchanan and Mayee Chen and Neel Guha and Christopher Ré and Azalia Mirhoseini},
      year={2025},
      eprint={2409.15254},
      archivePrefix={arXiv},
      primaryClass={cs.LG},
      url={https://arxiv.org/abs/2409.15254}, 
}

@misc{opsahlong2024optimizinginstructionsdemonstrationsmultistage,
      title={Optimizing Instructions and Demonstrations for Multi-Stage Language Model Programs}, 
      author={Krista Opsahl-Ong and Michael J Ryan and Josh Purtell and David Broman and Christopher Potts and Matei Zaharia and Omar Khattab},
      year={2024},
      eprint={2406.11695},
      archivePrefix={arXiv},
      primaryClass={cs.CL},
      url={https://arxiv.org/abs/2406.11695}, 
}

@misc{li2023camelcommunicativeagentsmind,
      title={CAMEL: Communicative Agents for "Mind" Exploration of Large Language Model Society}, 
      author={Guohao Li and Hasan Abed Al Kader Hammoud and Hani Itani and Dmitrii Khizbullin and Bernard Ghanem},
      year={2023},
      eprint={2303.17760},
      archivePrefix={arXiv},
      primaryClass={cs.AI},
      url={https://arxiv.org/abs/2303.17760}, 
}

@misc{chen2025optimizingmodelselectioncompound,
      title={Optimizing Model Selection for Compound AI Systems}, 
      author={Lingjiao Chen and Jared Quincy Davis and Boris Hanin and Peter Bailis and Matei Zaharia and James Zou and Ion Stoica},
      year={2025},
      eprint={2502.14815},
      archivePrefix={arXiv},
      primaryClass={cs.AI},
      url={https://arxiv.org/abs/2502.14815}, 
}

@article{poon2025online,
  title={Online Multi-LLM Selection via Contextual Bandits under Unstructured Context Evolution},
  author={Poon, Manhin and Dai, XiangXiang and Liu, Xutong and Kong, Fang and Lui, John and Zuo, Jinhang},
  journal={arXiv preprint arXiv:2506.17670},
  year={2025}
}

@misc{hendrycks2021measuringmathematicalproblemsolving,
      title={Measuring Mathematical Problem Solving With the MATH Dataset}, 
      author={Dan Hendrycks and Collin Burns and Saurav Kadavath and Akul Arora and Steven Basart and Eric Tang and Dawn Song and Jacob Steinhardt},
      year={2021},
      eprint={2103.03874},
      archivePrefix={arXiv},
      primaryClass={cs.LG},
      url={https://arxiv.org/abs/2103.03874}, 
}

@misc{rein2023gpqagraduatelevelgoogleproofqa,
      title={GPQA: A Graduate-Level Google-Proof Q\&A Benchmark}, 
      author={David Rein and Betty Li Hou and Asa Cooper Stickland and Jackson Petty and Richard Yuanzhe Pang and Julien Dirani and Julian Michael and Samuel R. Bowman},
      year={2023},
      eprint={2311.12022},
      archivePrefix={arXiv},
      primaryClass={cs.AI},
      url={https://arxiv.org/abs/2311.12022}, 
}



@misc{grattafiori2024llama3herdmodels,
      title={The Llama 3 Herd of Models}, 
      author={Aaron Grattafiori and Abhimanyu Dubey and Abhinav Jauhri and Abhinav Pandey and Abhishek Kadian and Ahmad Al-Dahle and Aiesha Letman and Akhil Mathur and Alan Schelten and Alex Vaughan and Amy Yang and Angela Fan and Anirudh Goyal and Anthony Hartshorn and Aobo Yang and Archi Mitra and Archie Sravankumar and Artem Korenev and Arthur Hinsvark and Arun Rao and Aston Zhang and Aurelien Rodriguez and Austen Gregerson and Ava Spataru and Baptiste Roziere and Bethany Biron and Binh Tang and Bobbie Chern and Charlotte Caucheteux and Chaya Nayak and Chloe Bi and Chris Marra and Chris McConnell and Christian Keller and Christophe Touret and Chunyang Wu and Corinne Wong and Cristian Canton Ferrer and Cyrus Nikolaidis and Damien Allonsius and Daniel Song and Danielle Pintz and Danny Livshits and Danny Wyatt and David Esiobu and Dhruv Choudhary and Dhruv Mahajan and Diego Garcia-Olano and Diego Perino and Dieuwke Hupkes and Egor Lakomkin and Ehab AlBadawy and Elina Lobanova and Emily Dinan and Eric Michael Smith and Filip Radenovic and Francisco Guzmán and Frank Zhang and Gabriel Synnaeve and Gabrielle Lee and Georgia Lewis Anderson and Govind Thattai and Graeme Nail and Gregoire Mialon and Guan Pang and Guillem Cucurell and Hailey Nguyen and Hannah Korevaar and Hu Xu and Hugo Touvron and Iliyan Zarov and Imanol Arrieta Ibarra and Isabel Kloumann and Ishan Misra and Ivan Evtimov and Jack Zhang and Jade Copet and Jaewon Lee and Jan Geffert and Jana Vranes and Jason Park and Jay Mahadeokar and Jeet Shah and Jelmer van der Linde and Jennifer Billock and Jenny Hong and Jenya Lee and Jeremy Fu and Jianfeng Chi and Jianyu Huang and Jiawen Liu and Jie Wang and Jiecao Yu and Joanna Bitton and Joe Spisak and Jongsoo Park and Joseph Rocca and Joshua Johnstun and Joshua Saxe and Junteng Jia and Kalyan Vasuden Alwala and Karthik Prasad and Kartikeya Upasani and Kate Plawiak and Ke Li and Kenneth Heafield and Kevin Stone and Khalid El-Arini and Krithika Iyer and Kshitiz Malik and Kuenley Chiu and Kunal Bhalla and Kushal Lakhotia and Lauren Rantala-Yeary and Laurens van der Maaten and Lawrence Chen and Liang Tan and Liz Jenkins and Louis Martin and Lovish Madaan and Lubo Malo and Lukas Blecher and Lukas Landzaat and Luke de Oliveira and Madeline Muzzi and Mahesh Pasupuleti and Mannat Singh and Manohar Paluri and Marcin Kardas and Maria Tsimpoukelli and Mathew Oldham and Mathieu Rita and Maya Pavlova and Melanie Kambadur and Mike Lewis and Min Si and Mitesh Kumar Singh and Mona Hassan and Naman Goyal and Narjes Torabi and Nikolay Bashlykov and Nikolay Bogoychev and Niladri Chatterji and Ning Zhang and Olivier Duchenne and Onur Çelebi and Patrick Alrassy and Pengchuan Zhang and Pengwei Li and Petar Vasic and Peter Weng and Prajjwal Bhargava and Pratik Dubal and Praveen Krishnan and Punit Singh Koura and Puxin Xu and Qing He and Qingxiao Dong and Ragavan Srinivasan and Raj Ganapathy and Ramon Calderer and Ricardo Silveira Cabral and Robert Stojnic and Roberta Raileanu and Rohan Maheswari and Rohit Girdhar and Rohit Patel and Romain Sauvestre and Ronnie Polidoro and Roshan Sumbaly and Ross Taylor and Ruan Silva and Rui Hou and Rui Wang and Saghar Hosseini and Sahana Chennabasappa and Sanjay Singh and Sean Bell and Seohyun Sonia Kim and Sergey Edunov and Shaoliang Nie and Sharan Narang and Sharath Raparthy and Sheng Shen and Shengye Wan and Shruti Bhosale and Shun Zhang and Simon Vandenhende and Soumya Batra and Spencer Whitman and Sten Sootla and Stephane Collot and Suchin Gururangan and Sydney Borodinsky and Tamar Herman and Tara Fowler and Tarek Sheasha and Thomas Georgiou and Thomas Scialom and Tobias Speckbacher and Todor Mihaylov and Tong Xiao and Ujjwal Karn and Vedanuj Goswami and Vibhor Gupta and Vignesh Ramanathan and Viktor Kerkez and Vincent Gonguet and Virginie Do and Vish Vogeti and Vítor Albiero and Vladan Petrovic and Weiwei Chu and Wenhan Xiong and Wenyin Fu and Whitney Meers and Xavier Martinet and Xiaodong Wang and Xiaofang Wang and Xiaoqing Ellen Tan and Xide Xia and Xinfeng Xie and Xuchao Jia and Xuewei Wang and Yaelle Goldschlag and Yashesh Gaur and Yasmine Babaei and Yi Wen and Yiwen Song and Yuchen Zhang and Yue Li and Yuning Mao and Zacharie Delpierre Coudert and Zheng Yan and Zhengxing Chen and Zoe Papakipos and Aaditya Singh and Aayushi Srivastava and Abha Jain and Adam Kelsey and Adam Shajnfeld and Adithya Gangidi and Adolfo Victoria and Ahuva Goldstand and Ajay Menon and Ajay Sharma and Alex Boesenberg and Alexei Baevski and Allie Feinstein and Amanda Kallet and Amit Sangani and Amos Teo and Anam Yunus and Andrei Lupu and Andres Alvarado and Andrew Caples and Andrew Gu and Andrew Ho and Andrew Poulton and Andrew Ryan and Ankit Ramchandani and Annie Dong and Annie Franco and Anuj Goyal and Aparajita Saraf and Arkabandhu Chowdhury and Ashley Gabriel and Ashwin Bharambe and Assaf Eisenman and Azadeh Yazdan and Beau James and Ben Maurer and Benjamin Leonhardi and Bernie Huang and Beth Loyd and Beto De Paola and Bhargavi Paranjape and Bing Liu and Bo Wu and Boyu Ni and Braden Hancock and Bram Wasti and Brandon Spence and Brani Stojkovic and Brian Gamido and Britt Montalvo and Carl Parker and Carly Burton and Catalina Mejia and Ce Liu and Changhan Wang and Changkyu Kim and Chao Zhou and Chester Hu and Ching-Hsiang Chu and Chris Cai and Chris Tindal and Christoph Feichtenhofer and Cynthia Gao and Damon Civin and Dana Beaty and Daniel Kreymer and Daniel Li and David Adkins and David Xu and Davide Testuggine and Delia David and Devi Parikh and Diana Liskovich and Didem Foss and Dingkang Wang and Duc Le and Dustin Holland and Edward Dowling and Eissa Jamil and Elaine Montgomery and Eleonora Presani and Emily Hahn and Emily Wood and Eric-Tuan Le and Erik Brinkman and Esteban Arcaute and Evan Dunbar and Evan Smothers and Fei Sun and Felix Kreuk and Feng Tian and Filippos Kokkinos and Firat Ozgenel and Francesco Caggioni and Frank Kanayet and Frank Seide and Gabriela Medina Florez and Gabriella Schwarz and Gada Badeer and Georgia Swee and Gil Halpern and Grant Herman and Grigory Sizov and Guangyi and Zhang and Guna Lakshminarayanan and Hakan Inan and Hamid Shojanazeri and Han Zou and Hannah Wang and Hanwen Zha and Haroun Habeeb and Harrison Rudolph and Helen Suk and Henry Aspegren and Hunter Goldman and Hongyuan Zhan and Ibrahim Damlaj and Igor Molybog and Igor Tufanov and Ilias Leontiadis and Irina-Elena Veliche and Itai Gat and Jake Weissman and James Geboski and James Kohli and Janice Lam and Japhet Asher and Jean-Baptiste Gaya and Jeff Marcus and Jeff Tang and Jennifer Chan and Jenny Zhen and Jeremy Reizenstein and Jeremy Teboul and Jessica Zhong and Jian Jin and Jingyi Yang and Joe Cummings and Jon Carvill and Jon Shepard and Jonathan McPhie and Jonathan Torres and Josh Ginsburg and Junjie Wang and Kai Wu and Kam Hou U and Karan Saxena and Kartikay Khandelwal and Katayoun Zand and Kathy Matosich and Kaushik Veeraraghavan and Kelly Michelena and Keqian Li and Kiran Jagadeesh and Kun Huang and Kunal Chawla and Kyle Huang and Lailin Chen and Lakshya Garg and Lavender A and Leandro Silva and Lee Bell and Lei Zhang and Liangpeng Guo and Licheng Yu and Liron Moshkovich and Luca Wehrstedt and Madian Khabsa and Manav Avalani and Manish Bhatt and Martynas Mankus and Matan Hasson and Matthew Lennie and Matthias Reso and Maxim Groshev and Maxim Naumov and Maya Lathi and Meghan Keneally and Miao Liu and Michael L. Seltzer and Michal Valko and Michelle Restrepo and Mihir Patel and Mik Vyatskov and Mikayel Samvelyan and Mike Clark and Mike Macey and Mike Wang and Miquel Jubert Hermoso and Mo Metanat and Mohammad Rastegari and Munish Bansal and Nandhini Santhanam and Natascha Parks and Natasha White and Navyata Bawa and Nayan Singhal and Nick Egebo and Nicolas Usunier and Nikhil Mehta and Nikolay Pavlovich Laptev and Ning Dong and Norman Cheng and Oleg Chernoguz and Olivia Hart and Omkar Salpekar and Ozlem Kalinli and Parkin Kent and Parth Parekh and Paul Saab and Pavan Balaji and Pedro Rittner and Philip Bontrager and Pierre Roux and Piotr Dollar and Polina Zvyagina and Prashant Ratanchandani and Pritish Yuvraj and Qian Liang and Rachad Alao and Rachel Rodriguez and Rafi Ayub and Raghotham Murthy and Raghu Nayani and Rahul Mitra and Rangaprabhu Parthasarathy and Raymond Li and Rebekkah Hogan and Robin Battey and Rocky Wang and Russ Howes and Ruty Rinott and Sachin Mehta and Sachin Siby and Sai Jayesh Bondu and Samyak Datta and Sara Chugh and Sara Hunt and Sargun Dhillon and Sasha Sidorov and Satadru Pan and Saurabh Mahajan and Saurabh Verma and Seiji Yamamoto and Sharadh Ramaswamy and Shaun Lindsay and Shaun Lindsay and Sheng Feng and Shenghao Lin and Shengxin Cindy Zha and Shishir Patil and Shiva Shankar and Shuqiang Zhang and Shuqiang Zhang and Sinong Wang and Sneha Agarwal and Soji Sajuyigbe and Soumith Chintala and Stephanie Max and Stephen Chen and Steve Kehoe and Steve Satterfield and Sudarshan Govindaprasad and Sumit Gupta and Summer Deng and Sungmin Cho and Sunny Virk and Suraj Subramanian and Sy Choudhury and Sydney Goldman and Tal Remez and Tamar Glaser and Tamara Best and Thilo Koehler and Thomas Robinson and Tianhe Li and Tianjun Zhang and Tim Matthews and Timothy Chou and Tzook Shaked and Varun Vontimitta and Victoria Ajayi and Victoria Montanez and Vijai Mohan and Vinay Satish Kumar and Vishal Mangla and Vlad Ionescu and Vlad Poenaru and Vlad Tiberiu Mihailescu and Vladimir Ivanov and Wei Li and Wenchen Wang and Wenwen Jiang and Wes Bouaziz and Will Constable and Xiaocheng Tang and Xiaojian Wu and Xiaolan Wang and Xilun Wu and Xinbo Gao and Yaniv Kleinman and Yanjun Chen and Ye Hu and Ye Jia and Ye Qi and Yenda Li and Yilin Zhang and Ying Zhang and Yossi Adi and Youngjin Nam and Yu and Wang and Yu Zhao and Yuchen Hao and Yundi Qian and Yunlu Li and Yuzi He and Zach Rait and Zachary DeVito and Zef Rosnbrick and Zhaoduo Wen and Zhenyu Yang and Zhiwei Zhao and Zhiyu Ma},
      year={2024},
      eprint={2407.21783},
      archivePrefix={arXiv},
      primaryClass={cs.AI},
      url={https://arxiv.org/abs/2407.21783}, 
}

@misc{jiang2024mixtralexperts,
      title={Mixtral of Experts}, 
      author={Albert Q. Jiang and Alexandre Sablayrolles and Antoine Roux and Arthur Mensch and Blanche Savary and Chris Bamford and Devendra Singh Chaplot and Diego de las Casas and Emma Bou Hanna and Florian Bressand and Gianna Lengyel and Guillaume Bour and Guillaume Lample and Lélio Renard Lavaud and Lucile Saulnier and Marie-Anne Lachaux and Pierre Stock and Sandeep Subramanian and Sophia Yang and Szymon Antoniak and Teven Le Scao and Théophile Gervet and Thibaut Lavril and Thomas Wang and Timothée Lacroix and William El Sayed},
      year={2024},
      eprint={2401.04088},
      archivePrefix={arXiv},
      primaryClass={cs.LG},
      url={https://arxiv.org/abs/2401.04088}, 
}

@misc{gemmateam2024gemma2improvingopen,
      title={Gemma 2: Improving Open Language Models at a Practical Size}, 
      author={Gemma Team and Morgane Riviere and Shreya Pathak and Pier Giuseppe Sessa and Cassidy Hardin and Surya Bhupatiraju and Léonard Hussenot and Thomas Mesnard and Bobak Shahriari and Alexandre Ramé and Johan Ferret and Peter Liu and Pouya Tafti and Abe Friesen and Michelle Casbon and Sabela Ramos and Ravin Kumar and Charline Le Lan and Sammy Jerome and Anton Tsitsulin and Nino Vieillard and Piotr Stanczyk and Sertan Girgin and Nikola Momchev and Matt Hoffman and Shantanu Thakoor and Jean-Bastien Grill and Behnam Neyshabur and Olivier Bachem and Alanna Walton and Aliaksei Severyn and Alicia Parrish and Aliya Ahmad and Allen Hutchison and Alvin Abdagic and Amanda Carl and Amy Shen and Andy Brock and Andy Coenen and Anthony Laforge and Antonia Paterson and Ben Bastian and Bilal Piot and Bo Wu and Brandon Royal and Charlie Chen and Chintu Kumar and Chris Perry and Chris Welty and Christopher A. Choquette-Choo and Danila Sinopalnikov and David Weinberger and Dimple Vijaykumar and Dominika Rogozińska and Dustin Herbison and Elisa Bandy and Emma Wang and Eric Noland and Erica Moreira and Evan Senter and Evgenii Eltyshev and Francesco Visin and Gabriel Rasskin and Gary Wei and Glenn Cameron and Gus Martins and Hadi Hashemi and Hanna Klimczak-Plucińska and Harleen Batra and Harsh Dhand and Ivan Nardini and Jacinda Mein and Jack Zhou and James Svensson and Jeff Stanway and Jetha Chan and Jin Peng Zhou and Joana Carrasqueira and Joana Iljazi and Jocelyn Becker and Joe Fernandez and Joost van Amersfoort and Josh Gordon and Josh Lipschultz and Josh Newlan and Ju-yeong Ji and Kareem Mohamed and Kartikeya Badola and Kat Black and Katie Millican and Keelin McDonell and Kelvin Nguyen and Kiranbir Sodhia and Kish Greene and Lars Lowe Sjoesund and Lauren Usui and Laurent Sifre and Lena Heuermann and Leticia Lago and Lilly McNealus and Livio Baldini Soares and Logan Kilpatrick and Lucas Dixon and Luciano Martins and Machel Reid and Manvinder Singh and Mark Iverson and Martin Görner and Mat Velloso and Mateo Wirth and Matt Davidow and Matt Miller and Matthew Rahtz and Matthew Watson and Meg Risdal and Mehran Kazemi and Michael Moynihan and Ming Zhang and Minsuk Kahng and Minwoo Park and Mofi Rahman and Mohit Khatwani and Natalie Dao and Nenshad Bardoliwalla and Nesh Devanathan and Neta Dumai and Nilay Chauhan and Oscar Wahltinez and Pankil Botarda and Parker Barnes and Paul Barham and Paul Michel and Pengchong Jin and Petko Georgiev and Phil Culliton and Pradeep Kuppala and Ramona Comanescu and Ramona Merhej and Reena Jana and Reza Ardeshir Rokni and Rishabh Agarwal and Ryan Mullins and Samaneh Saadat and Sara Mc Carthy and Sarah Cogan and Sarah Perrin and Sébastien M. R. Arnold and Sebastian Krause and Shengyang Dai and Shruti Garg and Shruti Sheth and Sue Ronstrom and Susan Chan and Timothy Jordan and Ting Yu and Tom Eccles and Tom Hennigan and Tomas Kocisky and Tulsee Doshi and Vihan Jain and Vikas Yadav and Vilobh Meshram and Vishal Dharmadhikari and Warren Barkley and Wei Wei and Wenming Ye and Woohyun Han and Woosuk Kwon and Xiang Xu and Zhe Shen and Zhitao Gong and Zichuan Wei and Victor Cotruta and Phoebe Kirk and Anand Rao and Minh Giang and Ludovic Peran and Tris Warkentin and Eli Collins and Joelle Barral and Zoubin Ghahramani and Raia Hadsell and D. Sculley and Jeanine Banks and Anca Dragan and Slav Petrov and Oriol Vinyals and Jeff Dean and Demis Hassabis and Koray Kavukcuoglu and Clement Farabet and Elena Buchatskaya and Sebastian Borgeaud and Noah Fiedel and Armand Joulin and Kathleen Kenealy and Robert Dadashi and Alek Andreev},
      year={2024},
      eprint={2408.00118},
      archivePrefix={arXiv},
      primaryClass={cs.CL},
      url={https://arxiv.org/abs/2408.00118}, 
}

@misc{mistral_small_24b_instruct,
  title        = {Mistral Small 24B Instruct},
  author       = {{Mistral AI}},
  year         = {2025},
  howpublished = {\url{https://huggingface.co/mistralai/Mistral-Small-24B-Instruct-2501}},
  note         = {Accessed: 2025-09-23}
}


@misc{qwen2025qwen25technicalreport,
      title={Qwen2.5 Technical Report}, 
      author={Qwen and : and An Yang and Baosong Yang and Beichen Zhang and Binyuan Hui and Bo Zheng and Bowen Yu and Chengyuan Li and Dayiheng Liu and Fei Huang and Haoran Wei and Huan Lin and Jian Yang and Jianhong Tu and Jianwei Zhang and Jianxin Yang and Jiaxi Yang and Jingren Zhou and Junyang Lin and Kai Dang and Keming Lu and Keqin Bao and Kexin Yang and Le Yu and Mei Li and Mingfeng Xue and Pei Zhang and Qin Zhu and Rui Men and Runji Lin and Tianhao Li and Tianyi Tang and Tingyu Xia and Xingzhang Ren and Xuancheng Ren and Yang Fan and Yang Su and Yichang Zhang and Yu Wan and Yuqiong Liu and Zeyu Cui and Zhenru Zhang and Zihan Qiu},
      year={2025},
      eprint={2412.15115},
      archivePrefix={arXiv},
      primaryClass={cs.CL},
      url={https://arxiv.org/abs/2412.15115}, 
}

@article{belcak2025small,
  title={Small Language Models are the Future of Agentic AI},
  author={Belcak, Peter and Heinrich, Greg and Diao, Shizhe and Fu, Yonggan and Dong, Xin and Muralidharan, Saurav and Lin, Yingyan Celine and Molchanov, Pavlo},
  journal={arXiv preprint arXiv:2506.02153},
  year={2025}
}

@misc{javaheripi2023phi,
  title = {{Phi-2: The surprising power of small language models}},
  author = {Javaheripi, Mojan and Bubeck, S{\'{e}}bastien},
  year = {2023},
  howpublished = {Microsoft Research Blog},
  url = {https://www.microsoft.com/en-us/research/blog/phi-2-the-surprising-power-of-small-language-models/},
  urldate = {2023-12-12},
}

@article{guo2025deepseek,
  title={Deepseek-r1: Incentivizing reasoning capability in llms via reinforcement learning},
  author={Guo, Daya and Yang, Dejian and Zhang, Haowei and Song, Junxiao and Zhang, Ruoyu and Xu, Runxin and Zhu, Qihao and Ma, Shirong and Wang, Peiyi and Bi, Xiao and others},
  journal={arXiv preprint arXiv:2501.12948},
  year={2025}
}

@article{allal2025smollm2,
  title={SmolLM2: When Smol Goes Big--Data-Centric Training of a Small Language Model},
  author={Allal, Loubna Ben and Lozhkov, Anton and Bakouch, Elie and Bl{\'a}zquez, Gabriel Mart{\'\i}n and Penedo, Guilherme and Tunstall, Lewis and Marafioti, Andr{\'e}s and Kydl{\'\i}{\v{c}}ek, Hynek and Lajar{\'\i}n, Agust{\'\i}n Piqueres and Srivastav, Vaibhav and others},
  journal={arXiv preprint arXiv:2502.02737},
  year={2025}
}

@online{openai_gpt5_2025,
  author = {OpenAI},
  title = {Introducing GPT-5},
  year = {2025},
  url = {https://openai.com/index/introducing-gpt-5/},
  urldate = {2025-08-07},
}

@article{ong2024routellm,
  title={Routellm: Learning to route llms with preference data},
  author={Ong, Isaac and Almahairi, Amjad and Wu, Vincent and Chiang, Wei-Lin and Wu, Tianhao and Gonzalez, Joseph E and Kadous, M Waleed and Stoica, Ion},
  journal={arXiv preprint arXiv:2406.18665},
  year={2024}
}

@article{yue2025masrouter,
  title={Masrouter: Learning to route llms for multi-agent systems},
  author={Yue, Yanwei and Zhang, Guibin and Liu, Boyang and Wan, Guancheng and Wang, Kun and Cheng, Dawei and Qi, Yiyan},
  journal={arXiv preprint arXiv:2502.11133},
  year={2025}
}

@inproceedings{pitre2025consensagent,
  title={Consensagent: Towards efficient and effective consensus in multi-agent llm interactions through sycophancy mitigation},
  author={Pitre, Priya and Ramakrishnan, Naren and Wang, Xuan},
  booktitle={Findings of the Association for Computational Linguistics: ACL 2025},
  pages={22112--22133},
  year={2025}
}

@misc{deepseekai2025deepseekv3technicalreport,
      title={DeepSeek-V3 Technical Report}, 
      author={DeepSeek-AI and Aixin Liu and Bei Feng and Bing Xue and Bingxuan Wang and Bochao Wu and Chengda Lu and Chenggang Zhao and Chengqi Deng and Chenyu Zhang and Chong Ruan and Damai Dai and Daya Guo and Dejian Yang and Deli Chen and Dongjie Ji and Erhang Li and Fangyun Lin and Fucong Dai and Fuli Luo and Guangbo Hao and Guanting Chen and Guowei Li and H. Zhang and Han Bao and Hanwei Xu and Haocheng Wang and Haowei Zhang and Honghui Ding and Huajian Xin and Huazuo Gao and Hui Li and Hui Qu and J. L. Cai and Jian Liang and Jianzhong Guo and Jiaqi Ni and Jiashi Li and Jiawei Wang and Jin Chen and Jingchang Chen and Jingyang Yuan and Junjie Qiu and Junlong Li and Junxiao Song and Kai Dong and Kai Hu and Kaige Gao and Kang Guan and Kexin Huang and Kuai Yu and Lean Wang and Lecong Zhang and Lei Xu and Leyi Xia and Liang Zhao and Litong Wang and Liyue Zhang and Meng Li and Miaojun Wang and Mingchuan Zhang and Minghua Zhang and Minghui Tang and Mingming Li and Ning Tian and Panpan Huang and Peiyi Wang and Peng Zhang and Qiancheng Wang and Qihao Zhu and Qinyu Chen and Qiushi Du and R. J. Chen and R. L. Jin and Ruiqi Ge and Ruisong Zhang and Ruizhe Pan and Runji Wang and Runxin Xu and Ruoyu Zhang and Ruyi Chen and S. S. Li and Shanghao Lu and Shangyan Zhou and Shanhuang Chen and Shaoqing Wu and Shengfeng Ye and Shengfeng Ye and Shirong Ma and Shiyu Wang and Shuang Zhou and Shuiping Yu and Shunfeng Zhou and Shuting Pan and T. Wang and Tao Yun and Tian Pei and Tianyu Sun and W. L. Xiao and Wangding Zeng and Wanjia Zhao and Wei An and Wen Liu and Wenfeng Liang and Wenjun Gao and Wenqin Yu and Wentao Zhang and X. Q. Li and Xiangyue Jin and Xianzu Wang and Xiao Bi and Xiaodong Liu and Xiaohan Wang and Xiaojin Shen and Xiaokang Chen and Xiaokang Zhang and Xiaosha Chen and Xiaotao Nie and Xiaowen Sun and Xiaoxiang Wang and Xin Cheng and Xin Liu and Xin Xie and Xingchao Liu and Xingkai Yu and Xinnan Song and Xinxia Shan and Xinyi Zhou and Xinyu Yang and Xinyuan Li and Xuecheng Su and Xuheng Lin and Y. K. Li and Y. Q. Wang and Y. X. Wei and Y. X. Zhu and Yang Zhang and Yanhong Xu and Yanhong Xu and Yanping Huang and Yao Li and Yao Zhao and Yaofeng Sun and Yaohui Li and Yaohui Wang and Yi Yu and Yi Zheng and Yichao Zhang and Yifan Shi and Yiliang Xiong and Ying He and Ying Tang and Yishi Piao and Yisong Wang and Yixuan Tan and Yiyang Ma and Yiyuan Liu and Yongqiang Guo and Yu Wu and Yuan Ou and Yuchen Zhu and Yuduan Wang and Yue Gong and Yuheng Zou and Yujia He and Yukun Zha and Yunfan Xiong and Yunxian Ma and Yuting Yan and Yuxiang Luo and Yuxiang You and Yuxuan Liu and Yuyang Zhou and Z. F. Wu and Z. Z. Ren and Zehui Ren and Zhangli Sha and Zhe Fu and Zhean Xu and Zhen Huang and Zhen Zhang and Zhenda Xie and Zhengyan Zhang and Zhewen Hao and Zhibin Gou and Zhicheng Ma and Zhigang Yan and Zhihong Shao and Zhipeng Xu and Zhiyu Wu and Zhongyu Zhang and Zhuoshu Li and Zihui Gu and Zijia Zhu and Zijun Liu and Zilin Li and Ziwei Xie and Ziyang Song and Ziyi Gao and Zizheng Pan},
      year={2025},
      eprint={2412.19437},
      archivePrefix={arXiv},
      primaryClass={cs.CL},
      url={https://arxiv.org/abs/2412.19437}, 
}

@misc{openai2024gpt4ocard,
      title={GPT-4o System Card}, 
      author={OpenAI and : and Aaron Hurst and Adam Lerer and Adam P. Goucher and Adam Perelman and Aditya Ramesh and Aidan Clark and AJ Ostrow and Akila Welihinda and Alan Hayes and Alec Radford and Aleksander Mądry and Alex Baker-Whitcomb and Alex Beutel and Alex Borzunov and Alex Carney and Alex Chow and Alex Kirillov and Alex Nichol and Alex Paino and Alex Renzin and Alex Tachard Passos and Alexander Kirillov and Alexi Christakis and Alexis Conneau and Ali Kamali and Allan Jabri and Allison Moyer and Allison Tam and Amadou Crookes and Amin Tootoochian and Amin Tootoonchian and Ananya Kumar and Andrea Vallone and Andrej Karpathy and Andrew Braunstein and Andrew Cann and Andrew Codispoti and Andrew Galu and Andrew Kondrich and Andrew Tulloch and Andrey Mishchenko and Angela Baek and Angela Jiang and Antoine Pelisse and Antonia Woodford and Anuj Gosalia and Arka Dhar and Ashley Pantuliano and Avi Nayak and Avital Oliver and Barret Zoph and Behrooz Ghorbani and Ben Leimberger and Ben Rossen and Ben Sokolowsky and Ben Wang and Benjamin Zweig and Beth Hoover and Blake Samic and Bob McGrew and Bobby Spero and Bogo Giertler and Bowen Cheng and Brad Lightcap and Brandon Walkin and Brendan Quinn and Brian Guarraci and Brian Hsu and Bright Kellogg and Brydon Eastman and Camillo Lugaresi and Carroll Wainwright and Cary Bassin and Cary Hudson and Casey Chu and Chad Nelson and Chak Li and Chan Jun Shern and Channing Conger and Charlotte Barette and Chelsea Voss and Chen Ding and Cheng Lu and Chong Zhang and Chris Beaumont and Chris Hallacy and Chris Koch and Christian Gibson and Christina Kim and Christine Choi and Christine McLeavey and Christopher Hesse and Claudia Fischer and Clemens Winter and Coley Czarnecki and Colin Jarvis and Colin Wei and Constantin Koumouzelis and Dane Sherburn and Daniel Kappler and Daniel Levin and Daniel Levy and David Carr and David Farhi and David Mely and David Robinson and David Sasaki and Denny Jin and Dev Valladares and Dimitris Tsipras and Doug Li and Duc Phong Nguyen and Duncan Findlay and Edede Oiwoh and Edmund Wong and Ehsan Asdar and Elizabeth Proehl and Elizabeth Yang and Eric Antonow and Eric Kramer and Eric Peterson and Eric Sigler and Eric Wallace and Eugene Brevdo and Evan Mays and Farzad Khorasani and Felipe Petroski Such and Filippo Raso and Francis Zhang and Fred von Lohmann and Freddie Sulit and Gabriel Goh and Gene Oden and Geoff Salmon and Giulio Starace and Greg Brockman and Hadi Salman and Haiming Bao and Haitang Hu and Hannah Wong and Haoyu Wang and Heather Schmidt and Heather Whitney and Heewoo Jun and Hendrik Kirchner and Henrique Ponde de Oliveira Pinto and Hongyu Ren and Huiwen Chang and Hyung Won Chung and Ian Kivlichan and Ian O'Connell and Ian O'Connell and Ian Osband and Ian Silber and Ian Sohl and Ibrahim Okuyucu and Ikai Lan and Ilya Kostrikov and Ilya Sutskever and Ingmar Kanitscheider and Ishaan Gulrajani and Jacob Coxon and Jacob Menick and Jakub Pachocki and James Aung and James Betker and James Crooks and James Lennon and Jamie Kiros and Jan Leike and Jane Park and Jason Kwon and Jason Phang and Jason Teplitz and Jason Wei and Jason Wolfe and Jay Chen and Jeff Harris and Jenia Varavva and Jessica Gan Lee and Jessica Shieh and Ji Lin and Jiahui Yu and Jiayi Weng and Jie Tang and Jieqi Yu and Joanne Jang and Joaquin Quinonero Candela and Joe Beutler and Joe Landers and Joel Parish and Johannes Heidecke and John Schulman and Jonathan Lachman and Jonathan McKay and Jonathan Uesato and Jonathan Ward and Jong Wook Kim and Joost Huizinga and Jordan Sitkin and Jos Kraaijeveld and Josh Gross and Josh Kaplan and Josh Snyder and Joshua Achiam and Joy Jiao and Joyce Lee and Juntang Zhuang and Justyn Harriman and Kai Fricke and Kai Hayashi and Karan Singhal and Katy Shi and Kavin Karthik and Kayla Wood and Kendra Rimbach and Kenny Hsu and Kenny Nguyen and Keren Gu-Lemberg and Kevin Button and Kevin Liu and Kiel Howe and Krithika Muthukumar and Kyle Luther and Lama Ahmad and Larry Kai and Lauren Itow and Lauren Workman and Leher Pathak and Leo Chen and Li Jing and Lia Guy and Liam Fedus and Liang Zhou and Lien Mamitsuka and Lilian Weng and Lindsay McCallum and Lindsey Held and Long Ouyang and Louis Feuvrier and Lu Zhang and Lukas Kondraciuk and Lukasz Kaiser and Luke Hewitt and Luke Metz and Lyric Doshi and Mada Aflak and Maddie Simens and Madelaine Boyd and Madeleine Thompson and Marat Dukhan and Mark Chen and Mark Gray and Mark Hudnall and Marvin Zhang and Marwan Aljubeh and Mateusz Litwin and Matthew Zeng and Max Johnson and Maya Shetty and Mayank Gupta and Meghan Shah and Mehmet Yatbaz and Meng Jia Yang and Mengchao Zhong and Mia Glaese and Mianna Chen and Michael Janner and Michael Lampe and Michael Petrov and Michael Wu and Michele Wang and Michelle Fradin and Michelle Pokrass and Miguel Castro and Miguel Oom Temudo de Castro and Mikhail Pavlov and Miles Brundage and Miles Wang and Minal Khan and Mira Murati and Mo Bavarian and Molly Lin and Murat Yesildal and Nacho Soto and Natalia Gimelshein and Natalie Cone and Natalie Staudacher and Natalie Summers and Natan LaFontaine and Neil Chowdhury and Nick Ryder and Nick Stathas and Nick Turley and Nik Tezak and Niko Felix and Nithanth Kudige and Nitish Keskar and Noah Deutsch and Noel Bundick and Nora Puckett and Ofir Nachum and Ola Okelola and Oleg Boiko and Oleg Murk and Oliver Jaffe and Olivia Watkins and Olivier Godement and Owen Campbell-Moore and Patrick Chao and Paul McMillan and Pavel Belov and Peng Su and Peter Bak and Peter Bakkum and Peter Deng and Peter Dolan and Peter Hoeschele and Peter Welinder and Phil Tillet and Philip Pronin and Philippe Tillet and Prafulla Dhariwal and Qiming Yuan and Rachel Dias and Rachel Lim and Rahul Arora and Rajan Troll and Randall Lin and Rapha Gontijo Lopes and Raul Puri and Reah Miyara and Reimar Leike and Renaud Gaubert and Reza Zamani and Ricky Wang and Rob Donnelly and Rob Honsby and Rocky Smith and Rohan Sahai and Rohit Ramchandani and Romain Huet and Rory Carmichael and Rowan Zellers and Roy Chen and Ruby Chen and Ruslan Nigmatullin and Ryan Cheu and Saachi Jain and Sam Altman and Sam Schoenholz and Sam Toizer and Samuel Miserendino and Sandhini Agarwal and Sara Culver and Scott Ethersmith and Scott Gray and Sean Grove and Sean Metzger and Shamez Hermani and Shantanu Jain and Shengjia Zhao and Sherwin Wu and Shino Jomoto and Shirong Wu and Shuaiqi and Xia and Sonia Phene and Spencer Papay and Srinivas Narayanan and Steve Coffey and Steve Lee and Stewart Hall and Suchir Balaji and Tal Broda and Tal Stramer and Tao Xu and Tarun Gogineni and Taya Christianson and Ted Sanders and Tejal Patwardhan and Thomas Cunninghman and Thomas Degry and Thomas Dimson and Thomas Raoux and Thomas Shadwell and Tianhao Zheng and Todd Underwood and Todor Markov and Toki Sherbakov and Tom Rubin and Tom Stasi and Tomer Kaftan and Tristan Heywood and Troy Peterson and Tyce Walters and Tyna Eloundou and Valerie Qi and Veit Moeller and Vinnie Monaco and Vishal Kuo and Vlad Fomenko and Wayne Chang and Weiyi Zheng and Wenda Zhou and Wesam Manassra and Will Sheu and Wojciech Zaremba and Yash Patil and Yilei Qian and Yongjik Kim and Youlong Cheng and Yu Zhang and Yuchen He and Yuchen Zhang and Yujia Jin and Yunxing Dai and Yury Malkov},
      year={2024},
      eprint={2410.21276},
      archivePrefix={arXiv},
      primaryClass={cs.CL},
      url={https://arxiv.org/abs/2410.21276}, 
}

@misc{xie2024calibratingreasoninglanguagemodels,
      title={Calibrating Reasoning in Language Models with Internal Consistency}, 
      author={Zhihui Xie and Jizhou Guo and Tong Yu and Shuai Li},
      year={2024},
      eprint={2405.18711},
      archivePrefix={arXiv},
      primaryClass={cs.AI},
      url={https://arxiv.org/abs/2405.18711}, 
}

@inproceedings{Taubenfeld_2025,
   title={Confidence Improves Self-Consistency in LLMs},
   url={http://dx.doi.org/10.18653/v1/2025.findings-acl.1030},
   DOI={10.18653/v1/2025.findings-acl.1030},
   booktitle={Findings of the Association for Computational Linguistics: ACL 2025},
   publisher={Association for Computational Linguistics},
   author={Taubenfeld, Amir and Sheffer, Tom and Ofek, Eran and Feder, Amir and Goldstein, Ariel and Gekhman, Zorik and Yona, Gal},
   year={2025},
   pages={20090–20111} }


@misc{google2025gemini2flash,
  title        = {Gemini 2.0 Flash | Generative AI on Vertex AI},
  author       = {{Google Cloud}},
  howpublished = {\url{https://cloud.google.com/vertex-ai/generative-ai/docs/models/gemini/2-0-flash}},
  year         = {2025},
  note         = {Accessed: 2025-09-24},
}



@misc{chen2024routerdcquerybasedrouterdual,
      title={RouterDC: Query-Based Router by Dual Contrastive Learning for Assembling Large Language Models}, 
      author={Shuhao Chen and Weisen Jiang and Baijiong Lin and James T. Kwok and Yu Zhang},
      year={2024},
      eprint={2409.19886},
      archivePrefix={arXiv},
      primaryClass={cs.LG},
      url={https://arxiv.org/abs/2409.19886}, 
}

@inproceedings{Taubenfeld_2024,
   title={Systematic Biases in LLM Simulations of Debates},
   url={http://dx.doi.org/10.18653/v1/2024.emnlp-main.16},
   DOI={10.18653/v1/2024.emnlp-main.16},
   booktitle={Proceedings of the 2024 Conference on Empirical Methods in Natural Language Processing},
   publisher={Association for Computational Linguistics},
   author={Taubenfeld, Amir and Dover, Yaniv and Reichart, Roi and Goldstein, Ariel},
   year={2024},
   pages={251–267} }

@misc{huang2024largelanguagemodelsselfcorrect,
      title={Large Language Models Cannot Self-Correct Reasoning Yet}, 
      author={Jie Huang and Xinyun Chen and Swaroop Mishra and Huaixiu Steven Zheng and Adams Wei Yu and Xinying Song and Denny Zhou},
      year={2024},
      eprint={2310.01798},
      archivePrefix={arXiv},
      primaryClass={cs.CL},
      url={https://arxiv.org/abs/2310.01798}, 
}

@misc{liu2023lostmiddlelanguagemodels,
      title={Lost in the Middle: How Language Models Use Long Contexts}, 
      author={Nelson F. Liu and Kevin Lin and John Hewitt and Ashwin Paranjape and Michele Bevilacqua and Fabio Petroni and Percy Liang},
      year={2023},
      eprint={2307.03172},
      archivePrefix={arXiv},
      primaryClass={cs.CL},
      url={https://arxiv.org/abs/2307.03172}, 
}